%% Semantic Web: LOD, etc. %%

@article{berners-lee_semantic_2001,
	title = {The semantic web},
	volume = {284},
	number = {5},
	journal = {Scientific American},
	author = {Berners-Lee, Tim and Hendler, J. and Lassila, O.},
	year = {2001},
	pages = {34–43}
},


@online{semanticWeb-FAQ,
	author = {World Wide Web Consortium},
	title = {W3C Semantic Web FAQ},
	month = aug,
	year = {2011},
	url = {http://www.w3.org/2001/sw/SW-FAQ}
},


@incollection{balandin_access_2011,
	address = {Berlin, Heidelberg},
	title = {Access Control at Triple Level: Specification and Enforcement of a Simple {RDF} Model to Support Concurrent Applications in Smart Environments},
	volume = {6869},
	isbn = {978-3-642-22874-2, 978-3-642-22875-9},
	shorttitle = {Access Control at Triple Level},
	url = {http://www.springerlink.com/content/x51432v12xm31497/},
	urldate = {2011-10-12},
	booktitle = {Smart Spaces and Next Generation {Wired/Wireless} Networking},
	publisher = {Springer Berlin Heidelberg},
	author = {{D’Elia}, Alfredo and Honkola, Jukka and Manzaroli, Daniele and Cinotti, Tullio Salmon},
	editor = {Balandin, Sergey and Koucheryavy, Yevgeni and Hu, Honglin},
	year = {2011},
	keywords = {access control, {RDF}, semantic web},
	pages = {63--74}
},


@article{berners-lee_n3logic:_2008,
	title = {{N3Logic:} A logical framework for the World Wide Web},
	volume = {8},
	issn = {1475-3081},
	url = {http://journals.cambridge.org/article_S1471068407003213},
	doi = {10.1017/S1471068407003213},
	number = {03},
	journal = {Theory and Practice of Logic Programming},
	author = {Berners-Lee, Tim and Connolly, Dan and Kagal, Lalana and Scharf, Yosi and Hendler, Jim},
	year = {2008},
	pages = {249–269}
},