%%% Articles related with REST and HTTP %%%

@phdthesis{fielding_architectural_2000,
	address = {Irvine},
	title = {Architectural styles and the design of network-based software architectures},
	url = {http://www.industrex.com/dynamic/reading/ics.uci.edu.fielding.dissertation.1col.pdf},
	abstract = {Primera mención a {REST.}},
	school = {University of California},
	author = {Fielding, Roy Thomas},
	year = {2000},
	keywords = {{REST}, {RESTful}}
},


@misc{fielding_rest_2008,
	title = {{REST} {APIs} must be hypertext-driven},
	url = {http://roy.gbiv.com/untangled/2008/rest-apis-must-be-hypertext-driven},
	urldate = {2013-02-01},
	journal = {Untangled},
	author = {Fielding, Roy Thomas},
	month = oct,
	year = {2008},
	keywords = {{REST}, {REST-based} {API}, {RESTful}, {RESTful} principles}
},


@inproceedings{pautasso_restful_2008,
	title = {Restful web services vs. big'web services: making the right architectural decision},
	booktitle = {Proceeding of the 17th international conference on World Wide Web},
	author = {Pautasso, Cesare and Zimmermann, Olaf and Leymann, Frank},
	year = {2008},
	pages = {805–814}
},


@inproceedings{moritz_devices_2010,
	title = {Devices Profile for Web Services and the {REST}},
	booktitle = {Industrial Informatics ({INDIN)}, 2010 8th {IEEE} International Conference on},
	author = {Moritz, G. and Zeeb, E. and Pruter, S. and Golatowski, F. and Timmermann, D. and Stoll, R.},
	year = {2010},
	pages = {584–591}
},


@book{alonso_web_2010,
	edition = {1st},
	title = {Web Services: Concepts, Architectures and Applications},
	isbn = {3642078885, 9783642078880},
	shorttitle = {Web Services},
	publisher = {Springer Publishing Company, Incorporated},
	author = {Alonso, Gustavo and Casati, Fabio and Kuno, Harumi and Machiraju, Vijay},
	year = {2010}
},


@inproceedings{verborgh_functional_2012,
	address = {New York, {NY}, {USA}},
	series = {{WS-REST} '12},
	title = {Functional descriptions as the bridge between hypermedia {APIs} and the Semantic Web},
	isbn = {978-1-4503-1190-8},
	url = {http://doi.acm.org/10.1145/2307819.2307828},
	doi = {10.1145/2307819.2307828},
	urldate = {2013-06-20},
	booktitle = {Proceedings of the Third International Workshop on {RESTful} Design},
	publisher = {{ACM}},
	author = {Verborgh, Ruben and Steiner, Thomas and Van Deursen, Davy and Coppens, Sam and Vallés, Joaquim Gabarró and Van de Walle, Rik},
	year = {2012},
	keywords = {api descriptions, hypermedia, {REST}, Semantic Web, service descriptions, {TOREAD}, web apis, Web services},
	pages = {33–40}
},


@inproceedings{kjernsmo_necessity_2012,
	title = {The necessity of hypermedia {RDF} and an approach to achieve it},
	url = {http://lapis2012.linkedservices.org/papers/1.pdf},
	booktitle = {Proceedings of the First Linked {APIs} workshop at the Ninth Extended Semantic Web Conference},
	author = {Kjernsmo, Kjetil},
	month = may,
	year = {2012},
	keywords = {{API}, {HATEOAS}, linked data, {LOD}, {RESTful}, semantic web}
},


@misc{house_how_2012,
	title = {How {RESTful} is Your {API?}},
	url = {http://www.bitnative.com/2012/08/26/how-restful-is-your-api/},
	urldate = {2013-07-04},
	journal = {{BitNative}},
	author = {House, Cory},
	month = aug,
	year = {2012},
	file = {How RESTful is Your API? | BitNative:/home/tulvur/.zotero/zotero/8qmgy2oq.default/zotero/storage/UERTQ922/how-restful-is-your-api.html:text/html}
},


@misc{moore_hypermedia_2010,
	title = {Hypermedia {APIs}},
	url = {http://vimeo.com/20781278},
	urldate = {2013-07-04},
	author = {Moore, Jon},
	month = nov,
	year = {2010},
	file = {Hypermedia APIs - Jon Moore on Vimeo:/home/tulvur/.zotero/zotero/8qmgy2oq.default/zotero/storage/K97GTAAK/20781278.html:text/html}
},


@misc{wahbe_self-descriptive_2010,
	title = {Self-Descriptive Hypermedia},
	url = {http://linkednotbound.net/2010/07/19/self-descriptive-hypermedia/},
	urldate = {2013-07-12},
	journal = {linked, not bound},
	author = {Wahbe, Andrew},
	month = jul,
	year = {2010},
	file = {Snapshot:/home/tulvur/.zotero/zotero/8qmgy2oq.default/zotero/storage/9XJ8NDPC/self-descriptive-hypermedia.html:text/html}
},


@inproceedings{steiner_fulfilling_2011,
	address = {New York, {NY}, {USA}},
	series = {{WS-REST} '11},
	title = {Fulfilling the hypermedia constraint via {HTTP} {OPTIONS}, the {HTTP} vocabulary in {RDF}, and link headers},
	isbn = {978-1-4503-0623-2},
	url = {http://doi.acm.org/10.1145/1967428.1967433},
	doi = {10.1145/1967428.1967433},
	urldate = {2013-06-20},
	booktitle = {Proceedings of the Second International Workshop on {RESTful} Design},
	publisher = {{ACM}},
	author = {Steiner, Thomas and Algermissen, Jan},
	year = {2011},
	keywords = {constraint, {HATEOAS}, {HTTP}, hypermedia, {REST}},
	pages = {11–14}
},


@inproceedings{page_rest_2011,
	address = {New York, {NY}, {USA}},
	series = {{WS-REST} '11},
	title = {{REST} and Linked Data: a match made for domain driven development?},
	isbn = {978-1-4503-0623-2},
	shorttitle = {{REST} and Linked Data},
	url = {http://doi.acm.org/10.1145/1967428.1967435},
	doi = {10.1145/1967428.1967435},
	urldate = {2013-06-20},
	booktitle = {Proceedings of the Second International Workshop on {RESTful} Design},
	publisher = {{ACM}},
	author = {Page, Kevin R. and De Roure, David C. and Martinez, Kirk},
	year = {2011},
	keywords = {domain applications, linked data, {REST}, Semantic Web},
	pages = {22–25}
},


@inproceedings{wilde_restful_2009,
	address = {New York, {NY}, {USA}},
	series = {{WEWST} '09},
	title = {{RESTful} {SPARQL?} You name it! Aligning {SPARQL} with {REST} and resource orientation},
	isbn = {978-1-60558-776-9},
	shorttitle = {{RESTful} {SPARQL?}},
	url = {http://doi.acm.org/10.1145/1645406.1645412},
	doi = {10.1145/1645406.1645412},
	urldate = {2013-06-20},
	booktitle = {Proceedings of the 4th Workshop on Emerging Web Services Technology},
	publisher = {{ACM}},
	author = {Wilde, Erik and Hausenblas, Michael},
	year = {2009},
	keywords = {{RESTful}, sparql, {TOREAD}},
	pages = {39–43}
},


@misc{fowler_richardson_2010,
	title = {Richardson Maturity Model, steps toward the glory of {REST}},
	url = {http://martinfowler.com/articles/richardsonMaturityModel.html},
	language = {en},
	urldate = {2013-07-15},
	author = {Fowler, Martin},
	month = mar,
	year = {2010},
	file = {Richardson Maturity Model:/home/tulvur/.zotero/zotero/8qmgy2oq.default/zotero/storage/GSSCDKIA/richardsonMaturityModel.html:text/html}
},