%%% STANDARDS, SPECIFICATIONS OR PROJECT WEBSITES. %%%
%%% (I have decided not to include them as footnotes!)


% Alternative 1: Use url attribute + a natbib style like "plainnat"
%     url = {http://sth}
% Alternative 2: use url package + howpublished attribute
%     howpublished = {\url{http://sth}}
%   
% I have chosen the second one because it does not print an ugly "URL " text before the URL.


@misc{dpws2009,
    author = {OASIS consortium},
    title = {Devices Profile for Web Services (DPWS)},
    day = 1,
    month = jun,
    year = {2009},
    howpublished = {\url{http://docs.oasis-open.org/ws-dd/ns/dpws/2009/01}}
},


@misc{webduino,
    title = {Webduino},
    howpublished = {\url{https://github.com/sirleech/Webduino}}
},


@misc{coap2013,
    author = {The Internet Engineering Task Force (IETF)},
    title = {Constrained Application Protocol (CoAP)},
    day = 28,
    month = jun,
    year = {2013},
    howpublished = {\url{https://datatracker.ietf.org/doc/draft-ietf-core-coap/}}
},
