%%% References to works from other fields %%%

% 10000 steps are necessary in an ordinary day
@article{tudor2002taking,
	title={Taking Steps toward Increased Physical Activity: Using Pedometers To Measure and Motivate.},
	author={Tudor-Locke, C.},
	journal={President},
	pages={10},
	year={2002},
	publisher={President}
},


@article{_ieee_1990,
	title = {{IEEE} Standard Glossary of Software Engineering Terminology},
	doi = {10.1109/IEEESTD.1990.101064},
	abstract = {This {IEEE} Standards product is part of the family on Software Engineering. This standard identifies terms currently in use in the field of Software Engineering. Standard definitions for those terms are established.},
	journal = {{IEEE} Std 610.12-1990},
	year = {1990},
	keywords = {Definitions, dictionary, glossaries, glossary, {IEEE} Std 610.12-1990, software engineering, software engineering terminology, standard glossary, Standards, Terminology},
	pages = {1--84}
},


@misc{van_der_veer_achieving_2006,
	title = {Achieving Technical Interoperability - the {ETSI} Approach},
	url = {http://www.etsi.org/website/document/whitepapers/wp3_iop_final.pdf},
	author = {Van der Veer, Hans and Wiles, Anthony},
	month = oct,
	year = {2006}
},


@techreport{_european_2004,
	title = {European Interoperability Framework for Pan-European {eGovernment} Services},
	url = {http://ec.europa.eu/idabc/servlets/Docd552.pdf?id=19529},
	number = {1},
	institution = {European Communities},
	year = {2004}
},



% To reference WS-*...

@book{newcomer_understanding_2002,
	title = {Understanding Web Services: {XML}, {WQSDL}, {SOAP} and {UDDI}},
	publisher = {Addison-Wesley Professional},
	author = {Newcomer, Eric},
	year = {2002},
	keywords = {big web services, {WS-*}}
},


@book{alonso_web_2010,
	edition = {1st},
	title = {Web Services: Concepts, Architectures and Applications},
	isbn = {3642078885, 9783642078880},
	shorttitle = {Web Services},
	publisher = {Springer Publishing Company, Incorporated},
	author = {Alonso, Gustavo and Casati, Fabio and Kuno, Harumi and Machiraju, Vijay},
	year = {2010},
	keywords = {big web services, {BPEL}, {SOA}, {SOAP}, {UDDI}, {WS-*}, {WS-Coordination}, {WSDL}, {WS-Transactions}}
},