% This file was created with JabRef 2.7b.
% Encoding: UTF8

@article{berners-lee_semantic_2001,
	title = {The semantic web},
	volume = {284},
	number = {5},
	journal = {Scientific American},
	author = {Berners-Lee, Tim and Hendler, J. and Lassila, O.},
	year = {2001},
	pages = {34–43}
},


@inproceedings{honkola_smart-m3_2010,
	title = {Smart-M3 information sharing platform},
	isbn = {978-1-4244-7754-8},
	doi = {10.1109/ISCC.2010.5546642},
	booktitle = {2010 {IEEE} Symposium on Computers and Communications ({ISCC)}},
	publisher = {{IEEE}},
	author = {Honkola, Jukka and Laine, Hannu and Brown, Ronald and Tyrkko, Olli},
	month = jun,
	year = {2010},
	pages = {1041--1046}
},


@article{gelernter_generative_1985,
	title = {Generative communication in Linda},
	volume = {7},
	issn = {0164-0925},
	number = {1},
	journal = {{ACM} Transactions on Programming Languages and Systems ({TOPLAS)}},
	author = {Gelernter, D.},
	year = {1985},
	keywords = {linda, tuple space},
	pages = {80--112}
},


@article{caceres_ubicomp_2012,
	title = {Ubicomp Systems at 20: Progress, Opportunities, and Challenges},
	volume = {11},
	issn = {1536-1268},
	shorttitle = {Ubicomp Systems at 20},
	doi = {10.1109/MPRV.2011.85},
	abstract = {This retrospective on 20 years of ubiquitous computing research identifies opportunities for leveraging utility computing and the Internet of Things to grow the ubicomp infrastructure, and discusses remaining challenges to taking ubicomp systems to where they indeed become ubiquitous.},
	number = {1},
	journal = {{IEEE} Pervasive Computing},
	author = {Caceres, R. and Friday, A.},
	month = mar,
	year = {2012},
	pages = {14--21}
},


@article{atzori_internet_2010,
	title = {The Internet of Things: A survey},
	volume = {54},
	issn = {1389-1286},
	shorttitle = {The Internet of Things},
	url = {http://www.sciencedirect.com/science/article/pii/S1389128610001568},
	doi = {10.1016/j.comnet.2010.05.010},
	number = {15},
	urldate = {2012-09-24},
	journal = {Computer Networks},
	author = {Atzori, Luigi and Iera, Antonio and Morabito, Giacomo},
	month = oct,
	year = {2010},
	pages = {2787--2805}
},


@inproceedings{guinard_search_2011,
	address = {Copenhagen, Denmark},
	title = {In Search of an Internet of Things Service Architecture: {REST} or {WS-*?} A Developers’ Perspective},
	booktitle = {Proceedings of Mobiquitous 2011 (8th International {ICST} Conference on Mobile and Ubiquitous Systems)},
	author = {Guinard, Dominique and Ion, Iulia and Mayer, Simon},
	month = dec,
	year = {2011}
},


@phdthesis{guinard_thesis_2011,
	author = {Guinard, Dominique},
	keywords = {REST,RFID,WS-*,WSN,Web,internet of things,web of
	things,webofthings},
	mendeley-tags = {webofthings},
	pages = {220},
	school = {ETH Zurich},
	title = {{A Web of Things Application Architecture -- Integrating the
	Real-World into the Web}},
	type = {Ph.D.},
	year = {2011},
	url = {http://webofthings.org/dom/thesis.pdf}
},


@article{weiser1991computer,
	title={The computer for the 21st century},
	author={Weiser, M.},
	journal={Scientific American},
	volume={265},
	number={3},
	pages={94--104},
	year={1991},
	publisher={New York}
},


@article{ramos_ambient_2008,
	title = {Ambient Intelligence - the Next Step for Artificial Intelligence},
	volume = {23},
	issn = {1541-1672},
	doi = {http://doi.ieeecomputersociety.org/10.1109/MIS.2008.19},
	number = {2},
	journal = {{IEEE} Intelligent Systems},
	author = {Ramos, Carlos and Augusto, Juan Carlos and Shapiro, Daniel},
	year = {2008},
	keywords = {Ambient intelligence},
	pages = {15--18}
},


@book{coulouris_distributed_2012,
	edition = {5},
	title = {Distributed Systems: Concepts and Design},
	isbn = {9780132143011},
	shorttitle = {Distributed Systems},
	language = {en},
	publisher = {Addison Wesley},
	author = {Coulouris, George and Dollimore, Jean and Kindberg, Tim and Blair, Gordon},
	year = {2012}
},